@article{Akaike:1974ih,
author = {Akaike, Hirotugu},
title = {{A new look at the statistical model identification}},
journal = {Automatic Control, IEEE Transactions on},
year = {1974},
volume = {19},
number = {6},
pages = {716--723},
month = dec
}

@article{Arena:2009gk,
author = {Arena, Philip and Palmer, Glenn},
title = {{Politics or the Economy? Domestic Correlates of Dispute Involvement in Developed Democracies}},
journal = {International Studies Quarterly},
year = {2009},
volume = {53},
number = {4},
pages = {955--975},
month = dec
}

@article{Bennett:2006gp,
author = {Bennett, D. Scott},
title = {{Toward a Continuous Specification of the Democracy{\textendash}Autocracy Connection}},
journal = {International Studies Quarterly},
year = {2006},
volume = {50},
number = {2},
pages = {313--338},
month = jun
}

@article{Breiman:2001fb,
author = {Breiman, Leo},
title = {{Random Forests}},
journal = {Machine Learning},
year = {2001},
volume = {45},
number = {1},
pages = {5--32}
}

@article{Breiman:2001fd,
author = {Breiman, Leo},
title = {{Statistical Modeling: The Two Cultures}},
journal = {Statistical Science},
year = {2001},
volume = {16},
number = {3}
}
@article{Burbidge:1988gu,
author = {Burbidge, John B and Magee, Lonnie and Robb, A Leslie},
title = {{Alternative Transformations to Handle Extreme Values of the Dependent Variable}},
journal = {Journal of the American Statistical Association},
year = {1988},
volume = {83},
number = {401},
pages = {123},
month = mar
}

@article{Carletta:1996uk,
author = {Carletta, Jean},
title = {{Assessing agreement on classification tasks: the kappa statistic}},
journal = {Computational Linguistics},
year = {1996},
volume = {22},
number = {2},
pages = {249--254},
month = jun
}

@article{Cortes:1995ie,
author = {Cortes, Corinna and Vapnik, Vladimir},
title = {{Support-vector networks}},
journal = {Machine Learning},
year = {1995},
volume = {20},
number = {3},
pages = {273--297},
month = sep
}

@article{Cover:1967jq,
author = {Cover, T M and Hart, P E},
title = {{Nearest neighbor pattern classification}},
journal = {Information Theory, IEEE Transactions on},
year = {1967},
volume = {13},
number = {1},
pages = {21--27},
month = jan
}

@article{Dreyer:2010cu,
author = {Dreyer, David R},
title = {{Issue Conflict Accumulation and the Dynamics of Strategic Rivalry}},
journal = {International Studies Quarterly},
year = {2010},
volume = {54},
number = {3},
pages = {779--795},
month = sep
}

@article{Efron:2012es,
author = {Efron, Bradley and Gong, Gail},
title = {{A Leisurely Look at the Bootstrap, the Jackknife, and Cross-Validation}},
journal = {The American Statistician},
year = {1983},
volume = {37},
number = {1},
pages = {36--48},
month = mar
}

@article{Fordham:2008gs,
author = {Fordham, Benjamin O},
title = {{Power or Plenty? Economic Interests, Security Concerns, and American Intervention}},
journal = {International Studies Quarterly},
year = {2008},
volume = {52},
number = {4},
pages = {737--758},
month = dec
}

@article{Fuhrmann:2014kd,
author = {Fuhrmann, Matthew and Sechser, Todd S},
title = {{Signaling Alliance Commitments: Hand-Tying and Sunk Costs in Extended Nuclear Deterrence}},
journal = {American Journal of Political Science},
year = {2014},
volume = {58},
number = {4},
pages = {919--935},
month = oct
}

@book{Hastie:2009wpa,
author = {Hastie, Trevor and Tibshirani, Robert and Friedman, Jerome},
title = {{The Elements of Statistical Learning}},
publisher = {Springer},
year = {2009},
address = {New York},
edition = {2}
}

@article{Hill:2014ki,
author = {Hill, Daniel W and Jones, Zachary M},
title = {{An Empirical Evaluation of Explanations for State Repression}},
journal = {American Political Science Review},
year = {2014},
volume = {108},
number = {03},
pages = {661--687},
month = aug
}

@article{Huth:2012gf,
author = {Huth, Paul and Croco, Sarah and Appel, Benjamin},
title = {{Law and the Use of Force in World Politics: The Varied Effects of Law on the Exercise of Military Power in Territorial Disputes}},
journal = {International Studies Quarterly},
year = {2012},
volume = {56},
number = {1},
pages = {17--31},
month = mar
}

@article{Jung:2014jq,
author = {Jung, Sung Chul},
title = {{Foreign Targets and Diversionary Conflict}},
journal = {International Studies Quarterly},
year = {2014},
volume = {58},
number = {3},
pages = {566--578},
month = sep
}

@article{McKelvey:2010gv,
author = {McKelvey, Richard D and Zavoina, William},
title = {{A statistical model for the analysis of ordinal level dependent variables}},
journal = {Journal of Mathematical Sociology},
year = {1975},
volume = {4},
number = {1},
pages = {103--120},
month = aug
}

@article{Owsiak:2012dx,
author = {Owsiak, Andrew P},
title = {{Signing Up for Peace: International Boundary Agreements, Democracy, and Militarized Interstate Conflict1}},
journal = {International Studies Quarterly},
year = {2012},
volume = {56},
number = {1},
pages = {51--66},
month = mar
}

@article{Palmer:2015hp,
author = {Palmer, Glenn and D{\textquoteright}Orazio, Vito and Kenwick, Michael and Lane, Matthew},
title = {{The MID4 dataset, 2002{\textendash}2010: Procedures, coding rules and description}},
journal = {Conflict Management and Peace Science},
year = {2015},
volume = {32},
number = {2},
pages = {222--242},
month = apr
}

@article{Park:2014gg,
author = {Park, Johann and Colaresi, Michael},
title = {{Safe Across the Border: The Continued Significance of the Democratic Peace When Controlling for Stable Borders}},
journal = {International Studies Quarterly},
year = {2014},
volume = {58},
number = {1},
pages = {118--125},
month = feb
}

@book{Rasmussen:2006vz,
author = {Rasmussen, C E and Williams, C K I},
title = {{Gaussian Processes for Machine Learning}},
publisher = {MIT Press},
year = {2006},
address = {Cambridge}
}

@book{Ripley:1996vd,
author = {Ripley, Brian D},
title = {{Pattern Recognition and Neural Networks}},
publisher = {Cambridge University Press},
year = {1996},
address = {Cambridge}
}

@article{Salehyan:2008es,
author = {Salehyan, Idean},
title = {{The Externalities of Civil Strife: Refugees as a Source of International Conflict}},
journal = {American Journal of Political Science},
year = {2008},
volume = {52},
number = {4},
pages = {787--801},
month = oct
}

@article{Schwarz:1978kh,
author = {Schwarz, Gideon},
title = {{Estimating the Dimension of a Model}},
journal = {Annals of Statistics},
year = {1978},
volume = {6},
number = {2},
pages = {461--464}
}

@article{Sobek:2006cn,
author = {Sobek, David and Abouharb, M Rodwan and Ingram, Christopher G},
title = {{The Human Rights Peace: How the Respect for Human Rights at Home Leads to Peace Abroad}},
journal = {Journal of Politics},
year = {2006},
volume = {68},
number = {3},
pages = {519--529},
month = aug
}

@article{Tibshirani:2009tz,
author = {Tibshirani, Ryan J and Tibshirani, Robert},
title = {{A bias correction for the minimum error rate in cross-validation}},
journal = {The Annals of Applied Statistics},
year = {2009},
volume = {3},
number = {2},
pages = {822--829},
month = jun
}

@article{Uzonyi:2012im,
author = {Uzonyi, Gary and Souva, Mark and Golder, Sona N},
title = {{Domestic Institutions and Credible Signals}},
journal = {International Studies Quarterly},
year = {2012},
volume = {56},
number = {4},
pages = {765--776},
month = dec
}

@article{Vuong:1989uf,
author = {Vuong, Quang H},
title = {{Likelihood Ratio Tests for Model Selection and Non-Nested Hypotheses}},
journal = {Econometrica},
year = {1989},
volume = {57},
number = {2},
pages = {307--333},
month = mar
}

@article{Weeks:2008cj,
author = {Weeks, Jessica L},
title = {{Autocratic Audience Costs: Regime Type and Signaling Resolve}},
journal = {International Organization},
year = {2008},
volume = {62},
number = {01},
pages = {35--64}
}

@article{Weeks:2012be,
author = {Weeks, Jessica L},
title = {{Strongmen and Straw Men: Authoritarian Regimes and the Initiation of International Conflict}},
journal = {American Political Science Review},
year = {2012},
volume = {106},
number = {02},
pages = {326--347},
month = may
}

@article{Zawahri:2011iy,
author = {Zawahri, Neda A and Mitchell, Sara McLaughlin},
title = {{Fragmented Governance of International Rivers: Negotiating Bilateral versus Multilateral Treaties}},
journal = {International Studies Quarterly},
year = {2011},
volume = {55},
number = {3},
pages = {835--858},
month = sep
}

@article{bafumi2005,
    author = {Bafumi, Joseph and Andrew Gelman and David K. Park and Noah Kaplan},
    year = {2005},
    title = {Practical Issues in Implementing and Understanding Bayesian Ideal Point Estimation},
    journal = {Political Analysis},
    volume = {13},
    number = {2},
    pages = {171--187}
}

@article{bailey2001,
    author = {Bailey, Michael},
    year = {2001},
    title = {Ideal Point Estimation with a Small Number of Votes:  A Random-Effects Approach},
    journal = {Political Analysis},
    volume = {9},
    number = {3},
    pages = {192--210}
}

@article{beardsley2008,
    author = {Beardsley, Kyle},
    year = {2008},
    title = {Agreement without Peace?  International Mediation and Time Inconsistency Problems},
    journal = {American Journal of Political Science},
    volume = {52},
    number = {4},
    pages = {723--740}
}

@article{breiman_bagging_1996,
author = {Breiman, Leo},
title = {{Bagging Predictors}},
journal = {Machine Learning},
year = {1996},
volume = {24},
number = {2},
pages = {123--140},
month = aug
}

@article{bremer1992,
    author = {Bremer, Stuart A.},
    year = {1992},
    title = {Dangerous Dyads:  Conditions Affecting the Likelihood of Interstate War, 1816--1965},
    journal = {Journal of Conflict Resolution},
    volume = {36},
    number = {2},
    pages = {309--341}
}

@book{clarke2012,
    author = {Clarke, Kevin A. and David M. Primo},
    year = {2012},
    title = {A Model Discipline:  Political Science and the Logic of Representations},
    address = {Oxford, UK},
    publisher = {Oxford University Press}
}

@article{clinton2004,
    author = {Clinton, Joshua and Simon Jackman and Douglas Rivers},
    year = {2004},
    title = {The Statistical Analysis of Roll Call Data},
    journal = {American Political Science Review},
    volume = {98},
    number = {2},
    pages = {355--370}
}

@unpublished{egesdal2013,
    author = {Egesdal, Michael and Zhenyu Lai and Che-Lin Su},
    year = {2013},
    title = {Estimating Dynamic Discrete-Choice Games of Incomplete Information},
    note = {Unpublished manuscript.}
}

@article{fearon1995,
    author = {Fearon, James D.},
    year = {1995},
    title = {Rationalist Explanations for War},
    journal = {International Organization},
    volume = {49},
    number = {3},
    pages = {379--414}
}

@article{gartzke2007,
    author = {Gartzke, Erik},
    year = {2007},
    title = {The Capitalist Peace},
    journal = {American Journal of Political Science},
    volume = {51},
    number = {1},
    pages = {166--191}
}

@article{gleditsch1999,
    author = {Gleditsch, Kristian S. and Michael D. Ward},
    year = {1999},
    title = {A Revised List of Independent States since the Congress of Vienna},
    journal = {International Interactions},
    volume = {25},
    number = {4},
    pages = {393--413}
}

@book{hart1972,
    author = {Hart, B.H. Liddell},
    year = {1972},
    title = {Why Don't We Learn from History?},
    address = {London},
    publisher = {George Allen \& Unwin}
}

@article{heckelman2013,
    author = {Heckelman, Jac C. and Keith L. Dougherty},
    year = {2013},
    title = {A Spatial Analysis of Delegate Voting at the Constitutional Convention},
    journal = {Journal of Economic History},
    volume = {73},
    number = {2},
    pages = {407--444}
}

@article{honaker_what_2010,
author = {Honaker, James and King, Gary},
title = {{What to Do about Missing Values in Time-Series Cross-Section Data}},
journal = {American Journal of Political Science},
year = {2010},
volume = {54},
number = {2},
pages = {561--581},
month = apr,
}

@article{hwang2012,
    author = {Hwang, Sung-Ha},
    year = {2012},
    title = {Technology of Military Conflict, Military Spending, and War},
    journal = {Journal of Public Economics},
    volume = {96},
    number = {1--2},
    pages = {226--236}
}

@article{jackman2001,
    author = {Jackman, Simon},
    year = {2001},
    title = {Multidimensional Analysis of Roll Call Data via Bayesian Simulation:  Identification, Estimation, Inference and Model Checking},
    journal = {Political Analysis},
    volume = {9},
    number = {3},
    pages = {227--241}
}

@article{jackman2008,
    author = {Jackman, Simon and Shawn Treier},
    year = {2008},
    title = {Democracy as a Latent Variable},
    journal = {American Journal of Political Science},
    volume = {52},
    number = {1},
    pages = {201--217}
}

@article{jacoby1999,
    author = {Jacoby, William G.},
    year = {1999},
    title = {Levels of Measurement and Political Research:  An Optimistic View},
    journal = {American Journal of Political Science},
    volume = {43},
    number = {1},
    pages = {271--301}
}

@unpublished{jacoby2014,
    author = {Jacoby, William G.},
    year = {2014},
    title = {Measurement in Political Science},
    note = {Introduction to the virtual issue on measurement of \emph{Political Analysis}.}
}


@book{james1983,
    author = {James, Bill},
    year = {1983},
    title = {The Bill James Baseball Abstract, 1983},
    address = {New York},
    publisher = {Ballantine}
}

@article{jia2013,
    author = {Jia, Hao and Stergios Skaperdas and Samarth Vaidya},
    year = {2013},
    title = {Contest Success Functions:  Theoretical Foundations and Issues in Estimation},
    journal = {International Journal of Industrial Organization},
    volume = {31},
    number = {3},
    pages = {211--222}
}

@article{kadera2004,
    author = {Kadera, Kelly and Gerald Sorokin},
    year = {2004},
    title = {Measuring National Power},
    journal = {International Interactions},
    volume = {30},
    number = {3},
    pages = {211--230}
}

@article{kroenig2009,
    author = {Kroenig, Matthew},
    year = {2009},
    title = {Exporting the Bomb:  Why States Provide Sensitive Nuclear Assistance},
    journal = {American Political Science Review},
    volume = {103},
    number = {1},
    pages = {113--133}
}

@book{kuhn1977,
    author = {Kuhn, Thomas S.},
    year = {1977},
    title = {The Essential Tradition:  Selected Studies in Scientific Tradition and Change},
    address = {Chicago},
    publisher = {University of Chicago Press}
}

@unpublished{linzer2014,
    author = {Linzer, Drew and Jeffrey K. Staton},
    year = {2014},
    title = {A Measurement Model for Synthesizing Multiple Comparative Indicators:  The Case of Judicial Independence},
    note = {Working paper.}
}

@book{maddala1977,
    author = {Maddala, G.S.},
    year = {1977},
    title = {Econometrics},
    address = {New York},
    publisher = {McGraw Hill}
}

@article{martin2002,
    author = {Martin, Andrew D. and Kevin M. Quinn},
    year = {2002},
    title = {Dynamic Ideal Point Estimation via Markov Chain Monte Carlo for the U.S. Supreme Court, 1953--1999},
    journal = {Political Analysis},
    volume = {10},
    number = {2},
    pages = {134--153}
}

@article{mccallum1972,
    author = {McCallum, B.T.},
    year = {1972},
    title = {Relative Asymptotic Bias from Errors of Omission and Measurement},
    journal = {Econometrica},
    volume = {40},
    number = {4},
    pages = {757--758}
}

@article{miller2007,
    author = {Miller, Steven J.},
    year = {2007},
    title = {A Derivation of the Pythagorean Won-Loss Formula in Baseball},
    journal = {Chance},
    volume = {20},
    number = {1},
    pages = {40--48}
}

@article{mitchell2007,
    author = {Mitchell, Sara McLaughlin and Paul R. Hensel},
    year = {2007},
    title = {International Institutions and Compliance with Agreements},
    journal = {American Journal of Political Science},
    volume = {51},
    number = {4},
    pages = {721--737}
}

@article{morrow2007,
    author = {Morrow, James D.},
    year = {2007},
    title = {When Do States Follow the Laws of War?},
    journal = {American Political Science Review},
    volume = {101},
    number = {3},
    pages = {559--572}
}

@book{organski1980,
    author = {Organski, A.F.K. and Jacek Kugler},
    year = {1980},
    title = {The War Ledger},
    address = {Chicago},
    publisher = {University of Chicago Press}
}

@article{pitt2002,
    author = {Pitt, Mark A. and In Jae Myung},
    year = {2002},
    title = {When a Good Fit Can Be Bad},
    journal = {Trends in Cognitive Sciences},
    volume = {6},
    number = {10},
    pages = {421--425}
}

  @Article{pkg-Amelia,
    title = {{Amelia II}: A Program for Missing Data},
    author = {James Honaker and Gary King and Matthew Blackwell},
    journal = {Journal of Statistical Software},
    year = {2011},
    volume = {45},
    number = {7},
    pages = {1--47},
    url = {http://www.jstatsoft.org/v45/i07/},
  }

  @Book{pkg-MASS,
    title = {Modern Applied Statistics with S},
    author = {W. N. Venables and B. D. Ripley},
    publisher = {Springer},
    edition = {Fourth},
    address = {New York},
    year = {2002},
    note = {ISBN 0-387-95457-0},
    url = {http://www.stats.ox.ac.uk/pub/MASS4},
  }

@Manual{pkg-R,
    title = {R: A Language and Environment for Statistical Computing},
    author = {{R Core Team}},
    organization = {R Foundation for Statistical Computing},
    address = {Vienna, Austria},
    year = {2015},
    url = {http://www.R-project.org/},
  }

@article{pkg-caret,
  author =	"Max Kuhn",
  title =	"Building Predictive Models in R Using the \texttt{caret} Package",
  journal =	"Journal of Statistical Software",
  volume =	"28",
  number =	"5",
  pages =	"1--26",
  day =  	"10",
  month =	"11",
  year = 	"2008",
  CODEN =	"JSSOBK",
  ISSN = 	"1548-7660",
  bibdate =	"2008-08-18",
  URL =  	"http://www.jstatsoft.org/v28/i05",
  accepted =	"2008-08-18",
  acknowledgement = "",
  keywords =	"",
  submitted =	"2008-04-22",
}

  @Manual{pkg-glmx,
    title = {glmx: Generalized Linear Models Extended},
    author = {Achim Zeileis and Roger Koenker and Philipp Doebler},
    year = {2013},
    note = {R package version 0.1-0},
    url = {http://CRAN.R-project.org/package=glmx},
  }

  @Article{pkg-kernlab,
    title = {kernlab -- An {S4} Package for Kernel Methods in {R}},
    author = {Alexandros Karatzoglou and Alex Smola and Kurt Hornik and Achim Zeileis},
    journal = {Journal of Statistical Software},
    year = {2004},
    volume = {11},
    number = {9},
    pages = {1--20},
    url = {http://www.jstatsoft.org/v11/i09/},
  }

  @Article{pkg-randomForest,
    title = {Classification and Regression by randomForest},
    author = {Andy Liaw and Matthew Wiener},
    journal = {R News},
    year = {2002},
    volume = {2},
    number = {3},
    pages = {18-22},
    url = {http://CRAN.R-project.org/doc/Rnews/},
  }

@article{poole1985,
    author = {Poole, Keith T. and Howard Rosenthal},
    year = {1985},
    title = {A Spatial Model for Legislative Roll Call Analysis},
    journal = {American Journal of Political Science},
    volume = {29},
    number = {2},
    pages = {357--384}
}

@article{poole1991,
    author = {Poole, Keith T. and Howard Rosenthal},
    year = {1991},
    title = {Patterns of Congressional Voting},
    journal = {American Journal of Political Science},
    volume = {35},
    number = {1},
    pages = {228--278}
}

@article{preacher2006,
    author = {Preacher, Kristopher J.},
    year = {2006},
    title = {Quantifying Parsimony in Structural Equation Modeling},
    journal = {Multivariate Behavioral Research},
    volume = {41},
    number = {3},
    pages = {227--259}
}

@article{salehyan2008,
    author = {Salehyan, Idean},
    year = {2008},
    title = {No Shelter Here:  Rebel Sanctuaries and International Conflict},
    journal = {Journal of Politics},
    volume = {70},
    number = {1},
    pages = {54--66}
}

@inproceedings{singer1972,
    author = {Singer, J. David and Stuart Bremer and John Stuckey},
    year = {1972},
    title = {Capability Distribution, Uncertainty, and Major Power War, 1820--1965},
    editor = {Russett, Bruce},
    booktitle = {Peace, War, and Numbers},
    address = {Beverley Hills, CA},
    publisher = {Sage}
}

@article{stahlecker1993,
    author = {Stahlecker, Peter and G\"{o}tz Trenkler},
    year = {1993},
    title = {Some Further Results on the Use of Proxy Variables in
    Prediction},
    journal = {Review of Economics and Statistics},
    volume = {75},
    number = {4},
    pages = {707--711}
}

@book{stiglitz2008,
    author = {Stiglitz, Joseph E. and Linda J. Bilmes},
    year = {2008},
    title = {The Three Trillion Dollar War:  The True Cost of the Iraq Conflict},
    address = {New York},
    publisher = {Norton}
}

@inproceedings{stiglitz2012,
    author = {Stiglitz, Joseph E. and Linda J. Bilmes},
    year = {2012},
    title = {Estimating the Costs of War:  Methodological Issues, with Applications to Iraq and Afghanistan},
    booktitle = {Oxford Handbook of the Economics of Peace and Conflict},
    editor = {Garfinkel, Michelle R. and Stergios Skaperdas},
    address = {Oxford, UK},
    publisher = {Oxford University Press}
}

@article{su2012,
    author = {Su, Che-Lin and Kenneth L. Judd},
    year = {2012},
    title = {Constrained Optimization Approaches to Estimation of Structural Models},
    journal = {Econometrica},
    volume = {80},
    number = {5},
    pages = {2213--2230}
}

@article{vanderLaan:bz,
author = {van der Laan, Mark J and Polley, Eric C and Hubbard, Alan E},
title = {{Super Learner}},
journal = {Statistical Applications in Genetics and Molecular Biology},
volume = {6},
number = {1},
year = {2007}
}

@article{whang2013,
    author = {Whang, Taehee and Elena V. McLean and Douglas W. Kuberski},
    year = {2013},
    title = {Coercion, Information, and the Success of Sanction Threats},
    journal = {American Journal of Political Science},
    volume = {57},
    number = {1},
    pages = {65--81}
}
