@article{bafumi2005,
    author = {Bafumi, Joseph and Andrew Gelman and David K. Park and Noah Kaplan},
    year = {2005},
    title = {Practical Issues in Implementing and Understanding Bayesian Ideal Point Estimation},
    journal = {Political Analysis},
    volume = {13},
    number = {2},
    pages = {171--187}
}

@article{bailey2001,
    author = {Bailey, Michael},
    year = {2001},
    title = {Ideal Point Estimation with a Small Number of Votes:  A Random-Effects Approach},
    journal = {Political Analysis},
    volume = {9},
    number = {3},
    pages = {192--210}
}

@article{bremer1992,
    author = {Bremer, Stuart A.},
    year = {1992},
    title = {Dangerous Dyads:  Conditions Affecting the Likelihood of Interstate War, 1816--1965},
    journal = {Journal of Conflict Resolution},
    volume = {36},
    number = {2},
    pages = {309--341}
}

@book{clarke2012,
    author = {Clarke, Kevin A. and David M. Primo},
    year = {2012},
    title = {A Model Discipline:  Political Science and the Logic of Representations},
    address = {Oxford, UK},
    publisher = {Oxford University Press}
}

@article{clinton2004,
    author = {Clinton, Joshua and Simon Jackman and Douglas Rivers},
    year = {2004},
    title = {The Statistical Analysis of Roll Call Data},
    journal = {American Political Science Review},
    volume = {98},
    number = {2},
    pages = {355--370}
}

@unpublished{egesdal2013,
    author = {Egesdal, Michael and Zhenyu Lai and Che-Lin Su},
    year = {2013},
    title = {Estimating Dynamic Discrete-Choice Games of Incomplete Information},
    note = {Unpublished manuscript.}
}

@article{fearon1995,
    author = {Fearon, James D.},
    year = {1995},
    title = {Rationalist Explanations for War},
    journal = {International Organization},
    volume = {49},
    number = {3},
    pages = {379--414}
}

@article{gleditsch1999,
    author = {Gleditsch, Kristian S. and Michael D. Ward},
    year = {1999},
    title = {A Revised List of Independent States since the Congress of Vienna},
    journal = {International Interactions},
    volume = {25},
    number = {4},
    pages = {393--413}
}

@book{hart1972,
    author = {Hart, B.H. Liddell},
    year = {1972},
    title = {Why Don't We Learn from History?},
    address = {London},
    publisher = {George Allen \& Unwin}
}

@article{hwang2012,
    author = {Hwang, Sung-Ha},
    year = {2012},
    title = {Technology of Military Conflict, Military Spending, and War},
    journal = {Journal of Public Economics},
    volume = {96},
    number = {1--2},
    pages = {226--236}
}


@article{jackman2001,
    author = {Jackman, Simon},
    year = {2001},
    title = {Multidimensional Analysis of Roll Call Data via Bayesian Simulation:  Identification, Estimation, Inference and Model Checking},
    journal = {Political Analysis},
    volume = {9},
    number = {3},
    pages = {227--241}
}

@unpublished{jacoby2014,
    author = {Jacoby, William G.},
    year = {2014},
    title = {Measurement in Political Science},
    note = {Introduction to the virtual issue on measurement of \emph{Political Analysis}.}
}

@book{james1983,
    author = {James, Bill},
    year = {1983},
    title = {The Bill James Baseball Abstract, 1983},
    address = {New York},
    publisher = {Ballantine}
}

@article{jia2013,
    author = {Jia, Hao and Stergios Skaperdas and Samarth Vaidya},
    year = {2013},
    title = {Contest Success Functions:  Theoretical Foundations and Issues in Estimation},
    journal = {International Journal of Industrial Organization},
    volume = {31},
    number = {3},
    pages = {211--222}
}

@article{kadera2004,
    author = {Kadera, Kelly and Gerald Sorokin},
    year = {2004},
    title = {Measuring National Power},
    journal = {International Interactions},
    volume = {30},
    number = {3},
    pages = {211--230}
}

@book{kuhn1977,
    author = {Kuhn, Thomas S.},
    year = {1977},
    title = {The Essential Tradition:  Selected Studies in Scientific Tradition and Change},
    address = {Chicago},
    publisher = {University of Chicago Press}
}

@book{maddala1977,
    author = {Maddala, G.S.},
    year = {1977},
    title = {Econometrics},
    address = {New York},
    publisher = {McGraw Hill}
}

@article{martin2002,
    author = {Martin, Andrew D. and Kevin M. Quinn},
    year = {2002},
    title = {Dynamic Ideal Point Estimation via Markov Chain Monte Carlo for the U.S. Supreme Court, 1953--1999},
    journal = {Political Analysis},
    volume = {10},
    number = {2},
    pages = {134--153}
}

@article{mccallum1972,
    author = {McCallum, B.T.},
    year = {1972},
    title = {Relative Asymptotic Bias from Errors of Omission and Measurement},
    journal = {Econometrica},
    volume = {40},
    number = {4},
    pages = {757--758}
}

@article{miller2007,
    author = {Miller, Steven J.},
    year = {2007},
    title = {A Derivation of the Pythagorean Won-Loss Formula in Baseball},
    journal = {Chance},
    volume = {20},
    number = {1},
    pages = {40--48}
}

@book{organski1980,
    author = {Organski, A.F.K. and Jacek Kugler},
    year = {1980},
    title = {The War Ledger},
    address = {Chicago},
    publisher = {University of Chicago Press}
}

@article{poole1985,
    author = {Poole, Keith T. and Howard Rosenthal},
    year = {1985},
    title = {A Spatial Model for Legislative Roll Call Analysis},
    journal = {American Journal of Political Science},
    volume = {29},
    number = {2},
    pages = {357--384}
}

@inproceedings{singer1972,
    author = {Singer, J. David and Stuart Bremer and John Stuckey},
    year = {1972},
    title = {Capability Distribution, Uncertainty, and Major Power War, 1820--1965},
    editor = {Russett, Bruce},
    booktitle = {Peace, War, and Numbers},
    address = {Beverley Hills, CA},
    publisher = {Sage}
}

@article{stahlecker1993,
    author = {Stahlecker, Peter and G\"{o}tz Trenkler},
    year = {1993},
    title = {Some Further Results on the Use of Proxy Variables in
    Prediction},
    journal = {Review of Economics and Statistics},
    volume = {75},
    number = {4},
    pages = {707--711}
}

@book{stiglitz2008,
    author = {Stiglitz, Joseph E. and Linda J. Bilmes},
    year = {2008},
    title = {The Three Trillion Dollar War:  The True Cost of the Iraq Conflict},
    address = {New York},
    publisher = {Norton}
}

@inproceedings{stiglitz2012,
    author = {Stiglitz, Joseph E. and Linda J. Bilmes},
    year = {2012},
    title = {Estimating the Costs of War:  Methodological Issues, with Applications to Iraq and Afghanistan},
    booktitle = {Oxford Handbook of the Economics of Peace and Conflict},
    editor = {Garfinkel, Michelle R. and Stergios Skaperdas},
    address = {Oxford, UK},
    publisher = {Oxford University Press}
}

@article{su2012,
    author = {Su, Che-Lin and Kenneth L. Judd},
    year = {2012},
    title = {Constrained Optimization Approaches to Estimation of Structural Models},
    journal = {Econometrica},
    volume = {80},
    number = {5},
    pages = {2213--2230}
}
